<record><leader>00000cas a2200000 a 4500</leader><controlfield tag="001">10261799</controlfield><controlfield tag="008">840104c19809999nyuwr ne      0   a0eng c</controlfield><datafield ind1=" " ind2=" " tag="010"><subfield code="a">sn 84007834 </subfield></datafield><datafield ind1=" " ind2=" " tag="040"><subfield code="a">NSD</subfield><subfield code="b">eng</subfield><subfield code="c">NSD</subfield><subfield code="d">NJW</subfield><subfield code="d">NYS</subfield><subfield code="d">ZYU</subfield><subfield code="d">OCLCQ</subfield><subfield code="d">OCLCF</subfield><subfield code="d">OCLCO</subfield></datafield><datafield ind1=" " ind2=" " tag="012"><subfield code="m">y</subfield></datafield><datafield ind1="1" ind2=" " tag="022"><subfield code="a">0746-7761</subfield><subfield code="l">0746-7761</subfield><subfield code="y">0009-3807</subfield><subfield code="2">1</subfield></datafield><datafield ind1="1" ind2=" " tag="029"><subfield code="a">AU@</subfield><subfield code="b">000020419975</subfield></datafield><datafield ind1=" " ind2=" " tag="032"><subfield code="a">104300</subfield><subfield code="b">USPS</subfield></datafield><datafield ind1=" " ind2=" " tag="037"><subfield code="b">277 Broadway, Suite 1506, New York, NY 10007</subfield></datafield><datafield ind1=" " ind2=" " tag="042"><subfield code="a">nsdp</subfield><subfield code="a">pcc</subfield></datafield><datafield ind1=" " ind2=" " tag="043"><subfield code="a">n-us-ny</subfield></datafield><datafield ind1="1" ind2="4" tag="050"><subfield code="a">JS1221</subfield><subfield code="b">.C5</subfield></datafield><datafield ind1=" " ind2="4" tag="222"><subfield code="a">The Chief civil service leader</subfield></datafield><datafield ind1="0" ind2="4" tag="245"><subfield code="a">The chief civil service leader.</subfield></datafield><datafield ind1="3" ind2="0" tag="246"><subfield code="a">Chief</subfield></datafield><datafield ind1="3" ind2="0" tag="246"><subfield code="a">Civil service leader</subfield></datafield><datafield ind1="1" ind2="7" tag="246"><subfield code="a">Chief-leader</subfield></datafield><datafield ind1=" " ind2=" " tag="260"><subfield code="a">New York, N.Y. :</subfield><subfield code="b">New York Civil Service Employees Pub. Co., Inc.,</subfield><subfield code="c">1980-</subfield></datafield><datafield ind1=" " ind2=" " tag="300"><subfield code="a">v. :</subfield><subfield code="b">ill. ;</subfield><subfield code="c">68 cm.</subfield></datafield><datafield ind1=" " ind2=" " tag="310"><subfield code="a">Weekly</subfield></datafield><datafield ind1="0" ind2=" " tag="362"><subfield code="a">Vol. 84, no. 5 (May 23, 1980)-</subfield></datafield><datafield ind1=" " ind2=" " tag="500"><subfield code="a">Title from caption.</subfield></datafield><datafield ind1=" " ind2=" " tag="500"><subfield code="a">"The Civil Employees' Weekly."</subfield></datafield><datafield ind1=" " ind2=" " tag="530"><subfield code="a">Available also on microfilm.</subfield></datafield><datafield ind1=" " ind2="0" tag="650"><subfield code="a">Civil service</subfield><subfield code="z">United States</subfield><subfield code="v">Periodicals.</subfield></datafield><datafield ind1=" " ind2="0" tag="651"><subfield code="a">New York (N.Y.)</subfield><subfield code="v">Newspapers.</subfield></datafield><datafield ind1=" " ind2="0" tag="651"><subfield code="a">New York County (N.Y.)</subfield><subfield code="v">Newspapers.</subfield></datafield><datafield ind1=" " ind2="7" tag="655"><subfield code="a">Newspapers.</subfield><subfield code="2">fast</subfield><subfield code="0">(OCoLC)fst01423814</subfield></datafield><datafield ind1=" " ind2="7" tag="655"><subfield code="a">Periodicals.</subfield><subfield code="2">fast</subfield><subfield code="0">(OCoLC)fst01411641</subfield></datafield><datafield ind1=" " ind2="7" tag="650"><subfield code="a">Civil service.</subfield><subfield code="2">fast</subfield><subfield code="0">(OCoLC)fst00862730</subfield></datafield><datafield ind1=" " ind2="7" tag="651"><subfield code="a">New York (State)</subfield><subfield code="z">New York.</subfield><subfield code="2">fast</subfield><subfield code="0">(OCoLC)fst01204333</subfield></datafield><datafield ind1=" " ind2="7" tag="651"><subfield code="a">New York (State)</subfield><subfield code="z">New York County.</subfield><subfield code="2">fast</subfield><subfield code="0">(OCoLC)fst01234953</subfield></datafield><datafield ind1=" " ind2="7" tag="651"><subfield code="a">United States.</subfield><subfield code="2">fast</subfield><subfield code="0">(OCoLC)fst01204155</subfield></datafield><datafield ind1=" " ind2=" " tag="752"><subfield code="a">United States</subfield><subfield code="b">New York</subfield><subfield code="c">New York</subfield><subfield code="d">New York.</subfield></datafield><datafield ind1="0" ind2="0" tag="780"><subfield code="t">Chief</subfield><subfield code="x">0009-3807</subfield><subfield code="w">(DLC)   52016109</subfield><subfield code="w">(OCoLC)4032239</subfield></datafield><datafield ind1=" " ind2=" " tag="936"><subfield code="a">Vol. 105, no. 33 (Nov. 9, 2001) LIC</subfield></datafield></record>